<record><leader>00000cas a22000007a 4500</leader><controlfield tag="001">10519040</controlfield><controlfield tag="008">840314d18541865pauwr ne      0    0eng d</controlfield><datafield ind1=" " ind2=" " tag="010"><subfield code="a">sn 84026595 </subfield></datafield><datafield ind1=" " ind2=" " tag="040"><subfield code="a">NPU</subfield><subfield code="b">eng</subfield><subfield code="c">NPU</subfield><subfield code="d">NPH</subfield><subfield code="d">NPX</subfield><subfield code="d">OCL</subfield><subfield code="d">OCLCQ</subfield><subfield code="d">UPM</subfield><subfield code="d">OCLCQ</subfield><subfield code="d">OCLCF</subfield><subfield code="d">OCLCO</subfield></datafield><datafield ind1=" " ind2=" " tag="019"><subfield code="a">17808701</subfield></datafield><datafield ind1=" " ind2=" " tag="042"><subfield code="a">msc</subfield></datafield><datafield ind1=" " ind2=" " tag="043"><subfield code="a">n-us-pa</subfield></datafield><datafield ind1="0" ind2=" " tag="130"><subfield code="a">Agitator (Wellsboro, Pa.)</subfield></datafield><datafield ind1="1" ind2="4" tag="245"><subfield code="a">The agitator.</subfield></datafield><datafield ind1="1" ind2="7" tag="246"><subfield code="a">Tioga County agitator</subfield></datafield><datafield ind1=" " ind2=" " tag="260"><subfield code="a">Wellsborough, Tioga County, Pa. :</subfield><subfield code="b">W.D. Bailey,</subfield><subfield code="c">1854-1865.</subfield></datafield><datafield ind1=" " ind2=" " tag="300"><subfield code="a">11 v. ;</subfield><subfield code="c">57-61 cm.</subfield></datafield><datafield ind1=" " ind2=" " tag="310"><subfield code="a">Weekly</subfield></datafield><datafield ind1="0" ind2=" " tag="362"><subfield code="a">Vol. 1, no. 1 (July 13, 1854)-v. 12, no. 14 (Nov. 22, 1865).</subfield></datafield><datafield ind1=" " ind2=" " tag="500"><subfield code="a">Publishers: Hugh Young, &lt;1862&gt;; M.H. Cobb, &lt;July 1, 1863-1864&gt;.</subfield></datafield><datafield ind1=" " ind2=" " tag="500"><subfield code="a">"Union," &lt;1864&gt;.</subfield></datafield><datafield ind1=" " ind2=" " tag="500"><subfield code="a">"Devoted to the extension of the area of freedom and the spread of healthy reform."</subfield></datafield><datafield ind1=" " ind2=" " tag="500"><subfield code="a">Editors: Hugh Young, &lt;1862&gt;; M.H. Cobb, &lt;1864&gt;.</subfield></datafield><datafield ind1=" " ind2="0" tag="651"><subfield code="a">Wellsboro (Pa.)</subfield><subfield code="v">Newspapers.</subfield></datafield><datafield ind1=" " ind2="0" tag="651"><subfield code="a">Tioga County (Pa.)</subfield><subfield code="v">Newspapers.</subfield></datafield><datafield ind1=" " ind2="7" tag="655"><subfield code="a">Newspapers.</subfield><subfield code="2">fast</subfield><subfield code="0">(OCoLC)fst01423814</subfield></datafield><datafield ind1=" " ind2="7" tag="651"><subfield code="a">Pennsylvania</subfield><subfield code="z">Tioga County.</subfield><subfield code="2">fast</subfield><subfield code="0">(OCoLC)fst01217425</subfield></datafield><datafield ind1=" " ind2="7" tag="651"><subfield code="a">Pennsylvania</subfield><subfield code="z">Wellsboro.</subfield><subfield code="2">fast</subfield><subfield code="0">(OCoLC)fst01214135</subfield></datafield><datafield ind1=" " ind2=" " tag="752"><subfield code="a">United States</subfield><subfield code="b">Pennsylvania</subfield><subfield code="c">Tioga</subfield><subfield code="d">Wellsboro.</subfield></datafield><datafield ind1="0" ind2="0" tag="780"><subfield code="t">Wellsborough advertiser</subfield><subfield code="w">(DLC)sn 86081132</subfield></datafield><datafield ind1="0" ind2="0" tag="785"><subfield code="t">Tioga County agitator</subfield><subfield code="w">(DLC)sn 86081133</subfield></datafield></record>